<record><leader>01131cam a2200289 a 4500</leader><controlfield tag="001">1328729</controlfield><controlfield tag="008">901015s1985    urs      b        0 rus c</controlfield><datafield ind1=" " ind2=" " tag="035"><subfield code="a">ocm13693519</subfield></datafield><datafield ind1=" " ind2=" " tag="040"><subfield code="b">eng</subfield></datafield><datafield ind1=" " ind2=" " tag="049"><subfield code="a">AEU</subfield><subfield code="b">eng</subfield></datafield><datafield ind1=" " ind2="3" tag="055"><subfield code="a">QL 391 P7</subfield><subfield code="b">K45 1985</subfield></datafield><datafield ind1="0" ind2=" " tag="090"><subfield code="a">QL 391 P7 K45 1985</subfield></datafield><datafield ind1="1" ind2=" " tag="100"><subfield code="a">Khotenovski&#305;&#774;, I. A.</subfield><subfield code="q">(Igor&#697; Aleksandrovich)</subfield></datafield><datafield ind1="1" ind2="0" tag="245"><subfield code="a">Podotri&#865;ad Octomacrinea Khotenovsky /</subfield><subfield code="c">I.A. Khotenovski&#305;&#774;.</subfield></datafield><datafield ind1=" " ind2=" " tag="260"><subfield code="a">Leningrad :</subfield><subfield code="b">Izd-vo "Nauka", Leningradskoe otd-nie,</subfield><subfield code="c">1985.</subfield></datafield><datafield ind1=" " ind2=" " tag="300"><subfield code="a">262 p. :</subfield><subfield code="b">ill. ;</subfield><subfield code="c">26 cm.</subfield></datafield><datafield ind1=" " ind2=" " tag="336"><subfield code="a">text</subfield><subfield code="b">txt</subfield><subfield code="2">rdacontent</subfield></datafield><datafield ind1=" " ind2=" " tag="337"><subfield code="a">unmediated</subfield><subfield code="b">n</subfield><subfield code="2">rdamedia</subfield></datafield><datafield ind1=" " ind2=" " tag="338"><subfield code="a">volume</subfield><subfield code="b">nc</subfield><subfield code="2">rdacarrier</subfield></datafield><datafield ind1="1" ind2=" " tag="490"><subfield code="a">Fauna SSSR / Akademii&#865;a nauk SSSR, Zoologicheski&#305;&#774; institut ;</subfield><subfield code="v">novai&#865;a serii&#865;a, no. 132.</subfield><subfield code="a">Monogenei</subfield></datafield><datafield ind1=" " ind2=" " tag="504"><subfield code="a">Bibliography: p. [239]-246.</subfield></datafield><datafield ind1=" " ind2=" " tag="596"><subfield code="a">38</subfield></datafield><datafield ind1=" " ind2="0" tag="650"><subfield code="a">Monogenea.</subfield></datafield><datafield ind1=" " ind2="0" tag="650"><subfield code="a">Trematoda.</subfield></datafield><datafield ind1="2" ind2=" " tag="710"><subfield code="a">Zoologicheski&#301; institut (Akademii&#865;a nauk SSSR)</subfield></datafield><datafield ind1=" " ind2="0" tag="830"><subfield code="a">Fauna SSSR. ;</subfield><subfield code="v">novai&#865;a serii&#865;a, no. 132.</subfield></datafield><datafield ind1=" " ind2=" " tag="926"><subfield code="a">QL 391 P7 K45 1985</subfield><subfield code="w">LC</subfield><subfield code="c">1</subfield><subfield code="i">000034649723</subfield><subfield code="d">3/21/2011</subfield><subfield code="e">1/17/2011</subfield><subfield code="l">ON_SHELF</subfield><subfield code="m">UABARD</subfield><subfield code="n">2</subfield><subfield code="p">$150.00</subfield><subfield code="r">Y</subfield><subfield code="s">Y</subfield><subfield code="t">BOOK</subfield><subfield code="u">10/18/1990</subfield><subfield code="o">.STAFF.  B0005302</subfield></datafield></record>